@article{udistrital,
  title="E-Learning: Rompiendo fronteras",
  author={Sandra Yanet Velazco Flores et al},
  year={2018},
  journal={"Revistas Científicas Universidad Distrital Francisco José de Caldas"},
  organization={Universidad Distrital Francisco José de Caldas},
  url={https://revistas.udistrital.edu.co/ojs/index.php/REDES/article/download/12480/13080}
}
@manual{RTE2004,
author = {Paul Jesukiewicz },
title = {SCORM 2004 4th Edition - Run-Time Environment (RTE)},
date = {August 14, 2009},
language = {English},
version = {Version 1.1},
organization = {ADLNet},
pagetotal = {202},
}